@article{Bernal:2008zk,
      author         = "Bernal, N. and Goudelis, A. and Mambrini, Y. and Munoz,
                        C.",
      title          = "{Determining the WIMP mass using the complementarity
                        between direct and indirect searches and the ILC}",
      journal        = "JCAP",
      volume         = "0901",
      pages          = "046",
      doi            = "10.1088/1475-7516/2009/01/046",
      year           = "2009",
      eprint         = "0804.1976",
      archivePrefix  = "arXiv",
      primaryClass   = "hep-ph",
      reportNumber   = "LPT-ORSAY-08-38, FTUAM-08-6, IFT-UAM-CSIC-08-21,
                        IFT-6-2008",
      SLACcitation   = "%%CITATION = ARXIV:0804.1976;%%",
}
@article{Drees:2008bv,
      author         = "Drees, Manuel and Shan, Chung-Lin",
      title          = "{Model-Independent Determination of the WIMP Mass from
                        Direct Dark Matter Detection Data}",
      journal        = "JCAP",
      volume         = "0806",
      pages          = "012",
      doi            = "10.1088/1475-7516/2008/06/012",
      year           = "2008",
      eprint         = "0803.4477",
      archivePrefix  = "arXiv",
      primaryClass   = "hep-ph",
      reportNumber   = "KIAS-P08026",
      SLACcitation   = "%%CITATION = ARXIV:0803.4477;%%",
}
@article{Restrepo:2011rj,
      author         = "Restrepo, Diego and Taoso, Marco and Valle, J.W.F. and
                        Zapata, Oscar",
      title          = "{Gravitino dark matter and neutrino masses with bilinear
                        R-parity violation}",
      journal        = "Phys.Rev.",
      volume         = "D85",
      pages          = "023523",
      doi            = "10.1103/PhysRevD.85.023523",
      year           = "2012",
      eprint         = "1109.0512",
      archivePrefix  = "arXiv",
      primaryClass   = "hep-ph",
      reportNumber   = "IFIC-11-41",
      SLACcitation   = "%%CITATION = ARXIV:1109.0512;%%",
}
@article{Akerib:2013tjd,
      author         = "Akerib, D.S. and others",
      title          = "{First results from the LUX dark matter experiment at the
                        Sanford Underground Research Facility}",
      collaboration  = "LUX Collaboration",
      year           = "2013",
      eprint         = "1310.8214",
      archivePrefix  = "arXiv",
      primaryClass   = "astro-ph.CO",
      SLACcitation   = "%%CITATION = ARXIV:1310.8214;%%",
}
@article{Aprile:2012zx,
      author         = "Aprile, Elena",
      title          = "{The XENON1T Dark Matter Search Experiment}",
      collaboration  = "XENON1T collaboration",
      year           = "2012",
      eprint         = "1206.6288",
      archivePrefix  = "arXiv",
      primaryClass   = "astro-ph.IM",
      SLACcitation   = "%%CITATION = ARXIV:1206.6288;%%",
}
@article{Ahmed:2010wy,
      author         = "Ahmed, Z. and others",
      title          = "{Results from a Low-Energy Analysis of the CDMS II
                        Germanium Data}",
      collaboration  = "CDMS-II Collaboration",
      journal        = "Phys.Rev.Lett.",
      volume         = "106",
      pages          = "131302",
      doi            = "10.1103/PhysRevLett.106.131302",
      year           = "2011",
      eprint         = "1011.2482",
      archivePrefix  = "arXiv",
      primaryClass   = "astro-ph.CO",
      reportNumber   = "SLAC-PUB-15054, FERMILAB-PUB-10-456-AE-CD-E",
      SLACcitation   = "%%CITATION = ARXIV:1011.2482;%%",
}
@article{deCampos:2005ri,
      author         = "de Campos, F. and Eboli, O.J.P. and Magro, M.B. and
                        Porod, W. and Restrepo, D. and others",
      title          = "{Probing neutrino mass with displaced vertices at the
                        Tevatron}",
      journal        = "Phys.Rev.",
      volume         = "D71",
      pages          = "075001",
      doi            = "10.1103/PhysRevD.71.075001",
      year           = "2005",
      eprint         = "hep-ph/0501153",
      archivePrefix  = "arXiv",
      primaryClass   = "hep-ph",
      reportNumber   = "IFIC-04-72, ZU-TH-04-03",
      SLACcitation   = "%%CITATION = HEP-PH/0501153;%%",
}
@article{Schwetz:2011zk,
      author         = "Schwetz, Thomas and Tortola, Mariam and Valle, J.W.F.",
      title          = "{Where we are on $\theta_{13}$: addendum to `Global
                        neutrino data and recent reactor fluxes: status of
                        three-flavour oscillation parameters'}",
      journal        = "New J.Phys.",
      volume         = "13",
      pages          = "109401",
      doi            = "10.1088/1367-2630/13/10/109401",
      year           = "2011",
      eprint         = "1108.1376",
      archivePrefix  = "arXiv",
      primaryClass   = "hep-ph",
      reportNumber   = "IFIC-11-08",
      SLACcitation   = "%%CITATION = ARXIV:1108.1376;%%",
}
@article{deCampos:2008ic,
      author         = "de Campos, F. and Eboli, O.J.P. and Magro, M.B. and
                        Restrepo, D. and Valle, J.W.F.",
      title          = "{Finding the Higgs Boson through Supersymmetry}",
      journal        = "Phys.Rev.",
      volume         = "D80",
      pages          = "015002",
      doi            = "10.1103/PhysRevD.80.015002",
      year           = "2009",
      eprint         = "0809.1637",
      archivePrefix  = "arXiv",
      primaryClass   = "hep-ph",
      SLACcitation   = "%%CITATION = ARXIV:0809.1637;%%",
}
@article{Bertone:2007aw,
      author         = "Bertone, Gianfranco and Buchmuller, Wilfried and Covi,
                        Laura and Ibarra, Alejandro",
      title          = "{Gamma-Rays from Decaying Dark Matter}",
      journal        = "JCAP",
      volume         = "0711",
      pages          = "003",
      doi            = "10.1088/1475-7516/2007/11/003",
      year           = "2007",
      eprint         = "0709.2299",
      archivePrefix  = "arXiv",
      primaryClass   = "astro-ph",
      reportNumber   = "DESY-07-128",
      SLACcitation   = "%%CITATION = ARXIV:0709.2299;%%",
}
@article{Aad:2012tfa,
      author         = "Aad, Georges and others",
      title          = "{Observation of a new particle in the search for the
                        Standard Model Higgs boson with the ATLAS detector at the
                        LHC}",
      collaboration  = "ATLAS Collaboration",
      journal        = "Phys.Lett.",
      volume         = "B716",
      pages          = "1-29",
      doi            = "10.1016/j.physletb.2012.08.020",
      year           = "2012",
      eprint         = "1207.7214",
      archivePrefix  = "arXiv",
      primaryClass   = "hep-ex",
      reportNumber   = "CERN-PH-EP-2012-218",
      SLACcitation   = "%%CITATION = ARXIV:1207.7214;%%",
}
@article{Englert:1964et,
      author         = "Englert, F. and Brout, R.",
      title          = "{Broken Symmetry and the Mass of Gauge Vector Mesons}",
      journal        = "Phys.Rev.Lett.",
      volume         = "13",
      pages          = "321-323",
      doi            = "10.1103/PhysRevLett.13.321",
      year           = "1964",
      SLACcitation   = "%%CITATION = PRLTA,13,321;%%",
}
@article{Pipe:2010zz,
      author         = "Pipe, Mark",
      title          = "{Progress report on DRIFT-II}",
      collaboration  = "DRIFT Collaboration",
      journal        = "J.Phys.Conf.Ser.",
      volume         = "203",
      pages          = "012031",
      doi            = "10.1088/1742-6596/203/1/012031",
      year           = "2010",
      SLACcitation   = "%%CITATION = 00462,203,012031;%%",
}
@article{Jungman:1995df,
      author         = "Jungman, Gerard and Kamionkowski, Marc and Griest, Kim",
      title          = "{Supersymmetric dark matter}",
      journal        = "Phys.Rept.",
      volume         = "267",
      pages          = "195-373",
      doi            = "10.1016/0370-1573(95)00058-5",
      year           = "1996",
      eprint         = "hep-ph/9506380",
      archivePrefix  = "arXiv",
      primaryClass   = "hep-ph",
      reportNumber   = "SU-4240-605, UCSD-PTH-95-02, IASSNS-HEP-95-14, CU-TP-677",
      SLACcitation   = "%%CITATION = HEP-PH/9506380;%%",
}
@article{Choi:2010jt,
      author         = "Choi, Ki-Young and Restrepo, Diego and Yaguna, Carlos E.
                        and Zapata, Oscar",
      title          = "{Indirect detection of gravitino dark matter including
                        its three-body decays}",
      journal        = "JCAP",
      volume         = "1010",
      pages          = "033",
      doi            = "10.1088/1475-7516/2010/10/033",
      year           = "2010",
      eprint         = "1007.1728",
      archivePrefix  = "arXiv",
      primaryClass   = "hep-ph",
      reportNumber   = "PNUTP-10-A08",
      SLACcitation   = "%%CITATION = ARXIV:1007.1728;%%",
}
@article{Fukuda:1998mi,
      author         = "Fukuda, Y. and others",
      title          = "{Evidence for oscillation of atmospheric neutrinos}",
      collaboration  = "Super-Kamiokande Collaboration",
      journal        = "Phys.Rev.Lett.",
      volume         = "81",
      pages          = "1562-1567",
      doi            = "10.1103/PhysRevLett.81.1562",
      year           = "1998",
      eprint         = "hep-ex/9807003",
      archivePrefix  = "arXiv",
      primaryClass   = "hep-ex",
      reportNumber   = "BU-98-17, ICRR-REPORT-422-98-18, UCI-98-8,
                        KEK-PREPRINT-98-95, LSU-HEPA-5-98, UMD-98-003, SBHEP-98-5,
                        TKU-PAP-98-06, TIT-HPE-98-09",
      SLACcitation   = "%%CITATION = HEP-EX/9807003;%%",
}
@article{Ahmad:2002jz,
      author         = "Ahmad, Q.R. and others",
      title          = "{Direct evidence for neutrino flavor transformation from
                        neutral current interactions in the Sudbury Neutrino
                        Observatory}",
      collaboration  = "SNO Collaboration",
      journal        = "Phys.Rev.Lett.",
      volume         = "89",
      pages          = "011301",
      doi            = "10.1103/PhysRevLett.89.011301",
      year           = "2002",
      eprint         = "nucl-ex/0204008",
      archivePrefix  = "arXiv",
      primaryClass   = "nucl-ex",
      SLACcitation   = "%%CITATION = NUCL-EX/0204008;%%",
}
@article{Bertone:2004pz,
      author         = "Bertone, Gianfranco and Hooper, Dan and Silk, Joseph",
      title          = "{Particle dark matter: Evidence, candidates and
                        constraints}",
      journal        = "Phys.Rept.",
      volume         = "405",
      pages          = "279-390",
      doi            = "10.1016/j.physrep.2004.08.031",
      year           = "2005",
      eprint         = "hep-ph/0404175",
      archivePrefix  = "arXiv",
      primaryClass   = "hep-ph",
      reportNumber   = "FERMILAB-PUB-04-047-A",
      SLACcitation   = "%%CITATION = HEP-PH/0404175;%%",
}
@article{Bertone:2007xj,
      author         = "Bertone, G. and Cerdeno, David G. and Collar, J.I. and
                        Odom, Brian C.",
      title          = "{WIMP identification through a combined measurement of
                        axial and scalar couplings}",
      journal        = "Phys.Rev.Lett.",
      volume         = "99",
      pages          = "151301",
      doi            = "10.1103/PhysRevLett.99.151301",
      year           = "2007",
      eprint         = "0705.2502",
      archivePrefix  = "arXiv",
      primaryClass   = "astro-ph",
      reportNumber   = "FTUAM-07-08, IFT-UAM-CSIC-07-20",
      SLACcitation   = "%%CITATION = ARXIV:0705.2502;%%",
}
@article{Ade:2013zuv,
      author         = "Ade, P.A.R. and others",
      title          = "{Planck 2013 results. XVI. Cosmological parameters}",
      collaboration  = "Planck Collaboration",
      year           = "2013",
      eprint         = "1303.5076",
      archivePrefix  = "arXiv",
      primaryClass   = "astro-ph.CO",
      SLACcitation   = "%%CITATION = ARXIV:1303.5076;%%",
}
@article{Baltz:2006fm,
      author         = "Baltz, Edward A. and Battaglia, Marco and Peskin, Michael
                        E. and Wizansky, Tommer",
      title          = "{Determination of dark matter properties at high-energy
                        colliders}",
      journal        = "Phys.Rev.",
      volume         = "D74",
      pages          = "103521",
      doi            = "10.1103/PhysRevD.74.103521",
      year           = "2006",
      eprint         = "hep-ph/0602187",
      archivePrefix  = "arXiv",
      primaryClass   = "hep-ph",
      reportNumber   = "SLAC-PUB-11687, LBNL-59634",
      SLACcitation   = "%%CITATION = HEP-PH/0602187;%%",
}
@article{Higgs:1966ev,
      author         = "Higgs, Peter W.",
      title          = "{Spontaneous Symmetry Breakdown without Massless Bosons}",
      journal        = "Phys.Rev.",
      volume         = "145",
      pages          = "1156-1163",
      doi            = "10.1103/PhysRev.145.1156",
      year           = "1966",
      SLACcitation   = "%%CITATION = PHRVA,145,1156;%%",
}
@article{Ibarra:2007wg,
      author         = "Ibarra, Alejandro and Tran, David",
      title          = "{Gamma Ray Spectrum from Gravitino Dark Matter Decay}",
      journal        = "Phys.Rev.Lett.",
      volume         = "100",
      pages          = "061301",
      doi            = "10.1103/PhysRevLett.100.061301",
      year           = "2008",
      eprint         = "0709.4593",
      archivePrefix  = "arXiv",
      primaryClass   = "astro-ph",
      reportNumber   = "DESY-07-158",
      SLACcitation   = "%%CITATION = ARXIV:0709.4593;%%",
}
@article{Mira:2000gg,
      author         = "Mira, J.M. and Nardi, E. and Restrepo, D.A. and Valle,
                        J.W.F.",
      title          = "{Bilinear R-parity violation and small neutrino masses: A
                        Selfconsistent framework}",
      journal        = "Phys.Lett.",
      volume         = "B492",
      pages          = "81-90",
      doi            = "10.1016/S0370-2693(00)01067-4",
      year           = "2000",
      eprint         = "hep-ph/0007266",
      archivePrefix  = "arXiv",
      primaryClass   = "hep-ph",
      reportNumber   = "CERN-TH-2000-218, IFIC-00-46, UDEA-PE-00-04",
      SLACcitation   = "%%CITATION = HEP-PH/0007266;%%",
}
@article{AristizabalSierra:2006ri,
      author         = "Aristizabal Sierra, D. and Restrepo, Diego",
      title          = "{Leptonic Charged Higgs Decays in the Zee Model}",
      journal        = "JHEP",
      volume         = "0608",
      pages          = "036",
      doi            = "10.1088/1126-6708/2006/08/036",
      year           = "2006",
      eprint         = "hep-ph/0604012",
      archivePrefix  = "arXiv",
      primaryClass   = "hep-ph",
      reportNumber   = "IFIC-06-08",
      SLACcitation   = "%%CITATION = HEP-PH/0604012;%%",
}
@article{Restrepo:2013aga,
      author         = "Restrepo, Diego and Zapata, Oscar and Yaguna, Carlos E.",
      title          = "{Models with radiative neutrino masses and viable dark
                        matter candidates}",
      journal        = "JHEP",
      volume         = "1311",
      pages          = "011",
      doi            = "10.1007/JHEP11(2013)011",
      year           = "2013",
      eprint         = "1308.3655",
      archivePrefix  = "arXiv",
      primaryClass   = "hep-ph",
      SLACcitation   = "%%CITATION = ARXIV:1308.3655;%%",
}
@article{Takayama:2000uz,
      author         = "Takayama, Fumihiro and Yamaguchi, Masahiro",
      title          = "{Gravitino dark matter without R-parity}",
      journal        = "Phys.Lett.",
      volume         = "B485",
      pages          = "388-392",
      doi            = "10.1016/S0370-2693(00)00726-7",
      year           = "2000",
      eprint         = "hep-ph/0005214",
      archivePrefix  = "arXiv",
      primaryClass   = "hep-ph",
      reportNumber   = "TU-590",
      SLACcitation   = "%%CITATION = HEP-PH/0005214;%%",
}
@article{Beltran:2008xg,
      author         = "Beltran, Maria and Hooper, Dan and Kolb, Edward W. and
                        Krusberg, Zosia C.",
      title          = "{Deducing the nature of dark matter from direct and
                        indirect detection experiments in the absence of collider
                        signatures of new physics}",
      journal        = "Phys.Rev.",
      volume         = "D80",
      pages          = "043509",
      doi            = "10.1103/PhysRevD.80.043509",
      year           = "2009",
      eprint         = "0808.3384",
      archivePrefix  = "arXiv",
      primaryClass   = "hep-ph",
      reportNumber   = "FERMILAB-PUB-08-308-A",
      SLACcitation   = "%%CITATION = ARXIV:0808.3384;%%",
}
@article{deCampos:2007bn,
      author         = "de Campos, F. and Eboli, O.J.P. and Magro, M.B. and
                        Porod, W. and Restrepo, D. and others",
      title          = "{Probing bilinear R-parity violating supergravity at the
                        LHC}",
      journal        = "JHEP",
      volume         = "0805",
      pages          = "048",
      doi            = "10.1088/1126-6708/2008/05/048",
      year           = "2008",
      eprint         = "0712.2156",
      archivePrefix  = "arXiv",
      primaryClass   = "hep-ph",
      reportNumber   = "IFIC-07-50",
      SLACcitation   = "%%CITATION = ARXIV:0712.2156;%%",
}
@article{Aubert:2009ag,
      author         = "Aubert, Bernard and others",
      title          = "{Searches for Lepton Flavor Violation in the Decays tau+
                        to  e+ gamma and tau+ to mu+ gamma}",
      collaboration  = "BaBar Collaboration",
      journal        = "Phys.Rev.Lett.",
      volume         = "104",
      pages          = "021802",
      doi            = "10.1103/PhysRevLett.104.021802",
      year           = "2010",
      eprint         = "0908.2381",
      archivePrefix  = "arXiv",
      primaryClass   = "hep-ex",
      reportNumber   = "SLAC-PUB-13753, BABAR-PUB-09-026",
      SLACcitation   = "%%CITATION = ARXIV:0908.2381;%%",
}
@article{Staub:2013tta,
      author         = "Staub, Florian",
      title          = "{SARAH 4: A tool for (not only SUSY) model builders}",
      journal        = "Comput.Phys.Commun.",
      volume         = "185",
      pages          = "1773-1790",
      doi            = "10.1016/j.cpc.2014.02.018",
      year           = "2014",
      eprint         = "1309.7223",
      archivePrefix  = "arXiv",
      primaryClass   = "hep-ph",
      reportNumber   = "BONN-TH-2013-17",
      SLACcitation   = "%%CITATION = ARXIV:1309.7223;%%",
}
@article{Ahn:2012nd,
      author         = "Ahn, J.K. and others",
      title          = "{Observation of Reactor Electron Antineutrino
                        Disappearance in the RENO Experiment}",
      collaboration  = "RENO collaboration",
      journal        = "Phys.Rev.Lett.",
      volume         = "108",
      pages          = "191802",
      doi            = "10.1103/PhysRevLett.108.191802",
      year           = "2012",
      eprint         = "1204.0626",
      archivePrefix  = "arXiv",
      primaryClass   = "hep-ex",
      SLACcitation   = "%%CITATION = ARXIV:1204.0626;%%",
}
@article{Cho:2008tj,
      author         = "Cho, Won Sang and Choi, Kiwoon and Kim, Yeong Gyun and
                        Park, Chan Beom",
      title          = "{M(T2)-assisted on-shell reconstruction of missing
                        momenta and its application to spin measurement at the
                        LHC}",
      journal        = "Phys.Rev.",
      volume         = "D79",
      pages          = "031701",
      doi            = "10.1103/PhysRevD.79.031701",
      year           = "2009",
      eprint         = "0810.4853",
      archivePrefix  = "arXiv",
      primaryClass   = "hep-ph",
      SLACcitation   = "%%CITATION = ARXIV:0810.4853;%%",
}
@article{deCampos:2008re,
      author         = "de Campos, F. and Eboli, O.J.P. and Magro, M.B. and
                        Restrepo, D.",
      title          = "{Searching supersymmetry at the LHCb with displaced
                        vertices}",
      journal        = "Phys.Rev.",
      volume         = "D79",
      pages          = "055008",
      doi            = "10.1103/PhysRevD.79.055008",
      year           = "2009",
      eprint         = "0809.0007",
      archivePrefix  = "arXiv",
      primaryClass   = "hep-ph",
      SLACcitation   = "%%CITATION = ARXIV:0809.0007;%%",
}
@article{Valle:2012qsa,
      author         = "Valle, J.W.F.",
      title          = "{Understanding and Probing Neutrinos}",
      journal        = "Nucl.Phys.Proc.Suppl.",
      volume         = "229-232",
      pages          = "23-29",
      doi            = "10.1016/j.nuclphysbps.2012.09.004",
      year           = "2012",
      SLACcitation   = "%%CITATION = NUPHZ,229-232,23;%%",
}
@article{Guralnik:1964eu,
      author         = "Guralnik, G.S. and Hagen, C.R. and Kibble, T.W.B.",
      title          = "{Global Conservation Laws and Massless Particles}",
      journal        = "Phys.Rev.Lett.",
      volume         = "13",
      pages          = "585-587",
      doi            = "10.1103/PhysRevLett.13.585",
      year           = "1964",
      SLACcitation   = "%%CITATION = PRLTA,13,585;%%",
}
@article{Garrett:2010hd,
      author         = "Garrett, Katherine and Duda, Gintaras",
      title          = "{Dark Matter: A Primer}",
      journal        = "Adv.Astron.",
      volume         = "2011",
      pages          = "968283",
      doi            = "10.1155/2011/968283",
      year           = "2011",
      eprint         = "1006.2483",
      archivePrefix  = "arXiv",
      primaryClass   = "hep-ph",
      SLACcitation   = "%%CITATION = ARXIV:1006.2483;%%",
}
@article{Komatsu:2010fb,
      author         = "Komatsu, E. and others",
      title          = "{Seven-Year Wilkinson Microwave Anisotropy Probe (WMAP)
                        Observations: Cosmological Interpretation}",
      collaboration  = "WMAP Collaboration",
      journal        = "Astrophys.J.Suppl.",
      volume         = "192",
      pages          = "18",
      doi            = "10.1088/0067-0049/192/2/18",
      year           = "2011",
      eprint         = "1001.4538",
      archivePrefix  = "arXiv",
      primaryClass   = "astro-ph.CO",
      SLACcitation   = "%%CITATION = ARXIV:1001.4538;%%",
}
@article{Chatrchyan:2012ufa,
      author         = "Chatrchyan, Serguei and others",
      title          = "{Observation of a new boson at a mass of 125 GeV with the
                        CMS experiment at the LHC}",
      collaboration  = "CMS Collaboration",
      journal        = "Phys.Lett.",
      volume         = "B716",
      pages          = "30-61",
      doi            = "10.1016/j.physletb.2012.08.021",
      year           = "2012",
      eprint         = "1207.7235",
      archivePrefix  = "arXiv",
      primaryClass   = "hep-ex",
      reportNumber   = "CMS-HIG-12-028, CERN-PH-EP-2012-220",
      SLACcitation   = "%%CITATION = ARXIV:1207.7235;%%",
}
@article{Davidson:2008bu,
      author         = "Davidson, Sacha and Nardi, Enrico and Nir, Yosef",
      title          = "{Leptogenesis}",
      journal        = "Phys.Rept.",
      volume         = "466",
      pages          = "105-177",
      doi            = "10.1016/j.physrep.2008.06.002",
      year           = "2008",
      eprint         = "0802.2962",
      archivePrefix  = "arXiv",
      primaryClass   = "hep-ph",
      SLACcitation   = "%%CITATION = ARXIV:0802.2962;%%",
}
@article{Magro:2003zb,
      author         = "Magro, M.B. and de Campos, F. and Eboli, O.J.P. and
                        Porod, W. and Restrepo, D. and others",
      title          = "{Probing neutrino mass with multilepton production at the
                        Tevatron in the simplest R parity violation model}",
      journal        = "JHEP",
      volume         = "0309",
      pages          = "071",
      doi            = "10.1088/1126-6708/2003/09/071",
      year           = "2003",
      eprint         = "hep-ph/0304232",
      archivePrefix  = "arXiv",
      primaryClass   = "hep-ph",
      reportNumber   = "ZU-TH-04-03",
      SLACcitation   = "%%CITATION = HEP-PH/0304232;%%",
}
@article{Ma:2006km,
      author         = "Ma, Ernest",
      title          = "{Verifiable radiative seesaw mechanism of neutrino mass
                        and dark matter}",
      journal        = "Phys.Rev.",
      volume         = "D73",
      pages          = "077301",
      doi            = "10.1103/PhysRevD.73.077301",
      year           = "2006",
      eprint         = "hep-ph/0601225",
      archivePrefix  = "arXiv",
      primaryClass   = "hep-ph",
      reportNumber   = "UCRHEP-T403",
      SLACcitation   = "%%CITATION = HEP-PH/0601225;%%",
}
@article{Ishiwata:2008cu,
      author         = "Ishiwata, Koji and Matsumoto, Shigeki and Moroi, Takeo",
      title          = "{High Energy Cosmic Rays from the Decay of Gravitino Dark
                        Matter}",
      journal        = "Phys.Rev.",
      volume         = "D78",
      pages          = "063505",
      doi            = "10.1103/PhysRevD.78.063505",
      year           = "2008",
      eprint         = "0805.1133",
      archivePrefix  = "arXiv",
      primaryClass   = "hep-ph",
      reportNumber   = "TU-818, UT-HET-009",
      SLACcitation   = "%%CITATION = ARXIV:0805.1133;%%",
}
@article{Green:2008rd,
      author         = "Green, Anne M.",
      title          = "{Determining the WIMP mass from a single direct detection
                        experiment, a more detailed study}",
      journal        = "JCAP",
      volume         = "0807",
      pages          = "005",
      doi            = "10.1088/1475-7516/2008/07/005",
      year           = "2008",
      eprint         = "0805.1704",
      archivePrefix  = "arXiv",
      primaryClass   = "hep-ph",
      SLACcitation   = "%%CITATION = ARXIV:0805.1704;%%",
}
@article{Aprile:2011ts,
      author         = "Aprile, E. and others",
      title          = "{Implications on Inelastic Dark Matter from 100 Live Days
                        of XENON100 Data}",
      collaboration  = "XENON100 Collaboration",
      journal        = "Phys.Rev.",
      volume         = "D84",
      pages          = "061101",
      doi            = "10.1103/PhysRevD.84.061101",
      year           = "2011",
      eprint         = "1104.3121",
      archivePrefix  = "arXiv",
      primaryClass   = "astro-ph.CO",
      SLACcitation   = "%%CITATION = ARXIV:1104.3121;%%",
}
@article{Green:2007rb,
      author         = "Green, Anne M.",
      title          = "{Determining the WIMP mass using direct detection
                        experiments}",
      journal        = "JCAP",
      volume         = "0708",
      pages          = "022",
      doi            = "10.1088/1475-7516/2007/08/022",
      year           = "2007",
      eprint         = "hep-ph/0703217",
      archivePrefix  = "arXiv",
      primaryClass   = "hep-ph",
      SLACcitation   = "%%CITATION = HEP-PH/0703217;%%",
}
@article{Nath:2010zj,
      author         = "Nath, Pran and Nelson, Brent D. and Davoudiasl, Hooman
                        and Dutta, Bhaskar and Feldman, Daniel and others",
      title          = "{The Hunt for New Physics at the Large Hadron Collider}",
      journal        = "Nucl.Phys.Proc.Suppl.",
      volume         = "200-202",
      pages          = "185-417",
      doi            = "10.1016/j.nuclphysbps.2010.03.001",
      year           = "2010",
      eprint         = "1001.2693",
      archivePrefix  = "arXiv",
      primaryClass   = "hep-ph",
      reportNumber   = "FERMILAB-CONF-10-643-E",
      SLACcitation   = "%%CITATION = ARXIV:1001.2693;%%",
}
@article{Abe:2011sj,
      author         = "Abe, K. and others",
      title          = "{Indication of Electron Neutrino Appearance from an
                        Accelerator-produced Off-axis Muon Neutrino Beam}",
      collaboration  = "T2K Collaboration",
      journal        = "Phys.Rev.Lett.",
      volume         = "107",
      pages          = "041801",
      doi            = "10.1103/PhysRevLett.107.041801",
      year           = "2011",
      eprint         = "1106.2822",
      archivePrefix  = "arXiv",
      primaryClass   = "hep-ex",
      SLACcitation   = "%%CITATION = ARXIV:1106.2822;%%",
}
@article{Adam:2013mnn,
      author         = "Adam, J. and others",
      title          = "{New constraint on the existence of the $\mu^+ \to
                        e^+\gamma$ decay}",
      collaboration  = "MEG Collaboration",
      journal        = "Phys.Rev.Lett.",
      number         = "20",
      volume         = "110",
      pages          = "201801",
      doi            = "10.1103/PhysRevLett.110.201801",
      year           = "2013",
      eprint         = "1303.0754",
      archivePrefix  = "arXiv",
      primaryClass   = "hep-ex",
      SLACcitation   = "%%CITATION = ARXIV:1303.0754;%%",
}
@article{Alloul:2013bka,
      author         = "Alloul, Adam and Christensen, Neil D. and Degrande,
                        Celine and Duhr, Claude and Fuks, Benjamin",
      title          = "{FeynRules 2.0 - A complete toolbox for tree-level
                        phenomenology}",
      year           = "2013",
      eprint         = "1310.1921",
      archivePrefix  = "arXiv",
      primaryClass   = "hep-ph",
      reportNumber   = "CERN-PH-TH-2013-239, MCNET-13-14, IPPP-13-71,
                        DCPT-13-142, --PITT-PACC-1308",
      SLACcitation   = "%%CITATION = ARXIV:1310.1921;%%",
}
@article{Higgs:1964pj,
      author         = "Higgs, Peter W.",
      title          = "{Broken Symmetries and the Masses of Gauge Bosons}",
      journal        = "Phys.Rev.Lett.",
      volume         = "13",
      pages          = "508-509",
      doi            = "10.1103/PhysRevLett.13.508",
      year           = "1964",
      SLACcitation   = "%%CITATION = PRLTA,13,508;%%",
}
@article{Bonnet:2012kz,
      author         = "Bonnet, Florian and Hirsch, Martin and Ota, Toshihiko and
                        Winter, Walter",
      title          = "{Systematic study of the d=5 Weinberg operator at
                        one-loop order}",
      journal        = "JHEP",
      volume         = "1207",
      pages          = "153",
      doi            = "10.1007/JHEP07(2012)153",
      year           = "2012",
      eprint         = "1204.5862",
      archivePrefix  = "arXiv",
      primaryClass   = "hep-ph",
      reportNumber   = "IFIC-12-26, MPP-2012-76",
      SLACcitation   = "%%CITATION = ARXIV:1204.5862;%%",
}
@article{Billard:2011yf,
      author         = "Billard, J. and Mayet, F. and Santos, D.",
      title          = "{Directional Detection of Dark Matter with MIMAC}",
      journal        = "J.Phys.Conf.Ser.",
      volume         = "375",
      pages          = "012008",
      doi            = "10.1088/1742-6596/375/1/012008",
      year           = "2012",
      eprint         = "1110.5999",
      archivePrefix  = "arXiv",
      primaryClass   = "astro-ph.IM",
      SLACcitation   = "%%CITATION = ARXIV:1110.5999;%%",
}
@article{Cirelli:2005uq,
      author         = "Cirelli, Marco and Fornengo, Nicolao and Strumia,
                        Alessandro",
      title          = "{Minimal dark matter}",
      journal        = "Nucl.Phys.",
      volume         = "B753",
      pages          = "178-194",
      doi            = "10.1016/j.nuclphysb.2006.07.012",
      year           = "2006",
      eprint         = "hep-ph/0512090",
      archivePrefix  = "arXiv",
      primaryClass   = "hep-ph",
      reportNumber   = "DFTT40-2005, IFUP-TH-2005-34",
      SLACcitation   = "%%CITATION = HEP-PH/0512090;%%",
}
@article{Aalseth:2011wp,
      author         = "Aalseth, C.E. and Barbeau, P.S. and Colaresi, J. and
                        Collar, J.I. and Diaz Leon, J. and others",
      title          = "{Search for an Annual Modulation in a P-type Point
                        Contact Germanium Dark Matter Detector}",
      journal        = "Phys.Rev.Lett.",
      volume         = "107",
      pages          = "141301",
      doi            = "10.1103/PhysRevLett.107.141301",
      year           = "2011",
      eprint         = "1106.0650",
      archivePrefix  = "arXiv",
      primaryClass   = "astro-ph.CO",
      SLACcitation   = "%%CITATION = ARXIV:1106.0650;%%",
}
@article{Ahmed:2009zw,
      author         = "Ahmed, Z. and others",
      title          = "{Dark Matter Search Results from the CDMS II Experiment}",
      collaboration  = "CDMS-II Collaboration",
      journal        = "Science",
      volume         = "327",
      pages          = "1619-1621",
      doi            = "10.1126/science.1186112",
      year           = "2010",
      eprint         = "0912.3592",
      archivePrefix  = "arXiv",
      primaryClass   = "astro-ph.CO",
      reportNumber   = "FERMILAB-PUB-09-637-AE",
      SLACcitation   = "%%CITATION = ARXIV:0912.3592;%%",
}
@article{Eguchi:2002dm,
      author         = "Eguchi, K. and others",
      title          = "{First results from KamLAND: Evidence for reactor
                        anti-neutrino disappearance}",
      collaboration  = "KamLAND Collaboration",
      journal        = "Phys.Rev.Lett.",
      volume         = "90",
      pages          = "021802",
      doi            = "10.1103/PhysRevLett.90.021802",
      year           = "2003",
      eprint         = "hep-ex/0212021",
      archivePrefix  = "arXiv",
      primaryClass   = "hep-ex",
      SLACcitation   = "%%CITATION = HEP-EX/0212021;%%",
}
@article{Angloher:2011uu,
      author         = "Angloher, G. and Bauer, M. and Bavykina, I. and Bento, A.
                        and Bucci, C. and others",
      title          = "{Results from 730 kg days of the CRESST-II Dark Matter
                        Search}",
      journal        = "Eur.Phys.J.",
      volume         = "C72",
      pages          = "1971",
      doi            = "10.1140/epjc/s10052-012-1971-8",
      year           = "2012",
      eprint         = "1109.0702",
      archivePrefix  = "arXiv",
      primaryClass   = "astro-ph.CO",
      SLACcitation   = "%%CITATION = ARXIV:1109.0702;%%",
}
@article{Ibarra:2008qg,
      author         = "Ibarra, Alejandro and Tran, David",
      title          = "{Antimatter Signatures of Gravitino Dark Matter Decay}",
      journal        = "JCAP",
      volume         = "0807",
      pages          = "002",
      doi            = "10.1088/1475-7516/2008/07/002",
      year           = "2008",
      eprint         = "0804.4596",
      archivePrefix  = "arXiv",
      primaryClass   = "astro-ph",
      reportNumber   = "DESY-08-048",
      SLACcitation   = "%%CITATION = ARXIV:0804.4596;%%",
}
@article{Covi:2008jy,
      author         = "Covi, Laura and Grefe, Michael and Ibarra, Alejandro and
                        Tran, David",
      title          = "{Unstable Gravitino Dark Matter and Neutrino Flux}",
      journal        = "JCAP",
      volume         = "0901",
      pages          = "029",
      doi            = "10.1088/1475-7516/2009/01/029",
      year           = "2009",
      eprint         = "0809.5030",
      archivePrefix  = "arXiv",
      primaryClass   = "hep-ph",
      reportNumber   = "DESY-08-122, TUM-HEP-700-08",
      SLACcitation   = "%%CITATION = ARXIV:0809.5030;%%",
}
@article{Law:2013saa,
      author         = "Law, Sandy S.C. and McDonald, Kristian L.",
      title          = "{A Class of Inert N-tuplet Models with Radiative Neutrino
                        Mass and Dark Matter}",
      journal        = "JHEP",
      volume         = "1309",
      pages          = "092",
      doi            = "10.1007/JHEP09(2013)092",
      year           = "2013",
      eprint         = "1305.6467",
      archivePrefix  = "arXiv",
      primaryClass   = "hep-ph",
      SLACcitation   = "%%CITATION = ARXIV:1305.6467;%%",
}
@article{DeCampos:2010yu,
      author         = "De Campos, F. and Eboli, O.J.P. and Hirsch, M. and Magro,
                        M.B. and Porod, W. and others",
      title          = "{Probing Neutrino Oscillations in Supersymmetric Models
                        at the Large Hadron Collider}",
      journal        = "Phys.Rev.",
      volume         = "D82",
      pages          = "075002",
      doi            = "10.1103/PhysRevD.82.075002",
      year           = "2010",
      eprint         = "1006.5075",
      archivePrefix  = "arXiv",
      primaryClass   = "hep-ph",
      reportNumber   = "IFIC-10-05",
      SLACcitation   = "%%CITATION = ARXIV:1006.5075;%%",
}
@article{Buchmuller:2007ui,
      author         = "Buchmuller, Wilfried and Covi, Laura and Hamaguchi,
                        Koichi and Ibarra, Alejandro and Yanagida, Tsutomu",
      title          = "{Gravitino Dark Matter in R-Parity Breaking Vacua}",
      journal        = "JHEP",
      volume         = "0703",
      pages          = "037",
      doi            = "10.1088/1126-6708/2007/03/037",
      year           = "2007",
      eprint         = "hep-ph/0702184",
      archivePrefix  = "arXiv",
      primaryClass   = "HEP-PH",
      reportNumber   = "DESY-06-244, UT-07-03",
      SLACcitation   = "%%CITATION = HEP-PH/0702184;%%",
}
@article{Zee:1980ai,
      author         = "Zee, A.",
      title          = "{A Theory of Lepton Number Violation, Neutrino Majorana
                        Mass, and Oscillation}",
      journal        = "Phys.Lett.",
      volume         = "B93",
      pages          = "389",
      doi            = "10.1016/0370-2693(80)90349-4",
      year           = "1980",
      reportNumber   = "UPR-0150T",
      SLACcitation   = "%%CITATION = PHLTA,B93,389;%%",
}
@article{An:2012eh,
      author         = "An, F.P. and others",
      title          = "{Observation of electron-antineutrino disappearance at
                        Daya Bay}",
      collaboration  = "DAYA-BAY Collaboration",
      journal        = "Phys.Rev.Lett.",
      volume         = "108",
      pages          = "171803",
      doi            = "10.1103/PhysRevLett.108.171803",
      year           = "2012",
      eprint         = "1203.1669",
      archivePrefix  = "arXiv",
      primaryClass   = "hep-ex",
      SLACcitation   = "%%CITATION = ARXIV:1203.1669;%%",
}
@article{Casas:2001sr,
      author         = "Casas, J.A. and Ibarra, A.",
      title          = "{Oscillating neutrinos and muon to e, gamma}",
      journal        = "Nucl.Phys.",
      volume         = "B618",
      pages          = "171-204",
      doi            = "10.1016/S0550-3213(01)00475-8",
      year           = "2001",
      eprint         = "hep-ph/0103065",
      archivePrefix  = "arXiv",
      primaryClass   = "hep-ph",
      reportNumber   = "IEM-FT-211-01, OUTP-01-11P, IFT-UAM-CSIC-01-08",
      SLACcitation   = "%%CITATION = HEP-PH/0103065;%%",
}
@article{Bertone:2010zza,
      author         = "Bertone, Gianfranco and J. Silk and B. Moore and J.
                        Diemand and J. Bullock and others",
      editor         = "Bertone, Gianfranco",
      title          = "{Particle Dark Matter: Observations, Models and
                        Searches}",
      year           = "2010",
      SLACcitation   = "%%CITATION = INSPIRE-895273;%%",
}
@article{Bernabei:2010mq,
      author         = "Bernabei, R. and others",
      title          = "{New results from DAMA/LIBRA}",
      collaboration  = "DAMA Collaboration, LIBRA Collaboration",
      journal        = "Eur.Phys.J.",
      volume         = "C67",
      pages          = "39-49",
      doi            = "10.1140/epjc/s10052-010-1303-9",
      year           = "2010",
      eprint         = "1002.1028",
      archivePrefix  = "arXiv",
      primaryClass   = "astro-ph.GA",
      SLACcitation   = "%%CITATION = ARXIV:1002.1028;%%",
}
@article{Agnese:2014aze,
      author         = "Agnese, R. and others",
      title          = "{Search for Low-Mass WIMPs with SuperCDMS}",
      collaboration  = "SuperCDMS Collaboration",
      year           = "2014",
      eprint         = "1402.7137",
      archivePrefix  = "arXiv",
      primaryClass   = "hep-ex",
      reportNumber   = "FERMILAB-PUB-14-042-AE",
      SLACcitation   = "%%CITATION = ARXIV:1402.7137;%%",
}
@article{Ackermann:2012qk,
      author         = "Ackermann, M. and others",
      title          = "{Fermi LAT Search for Dark Matter in Gamma-ray Lines and
                        the Inclusive Photon Spectrum}",
      collaboration  = "LAT Collaboration",
      journal        = "Phys.Rev.",
      volume         = "D86",
      pages          = "022002",
      doi            = "10.1103/PhysRevD.86.022002",
      year           = "2012",
      eprint         = "1205.2739",
      archivePrefix  = "arXiv",
      primaryClass   = "astro-ph.HE",
      SLACcitation   = "%%CITATION = ARXIV:1205.2739;%%",
}
@article{Brdar:2013iea,
      author         = "Brdar, Vedran and Picek, Ivica and Radovcic, Branimir",
      title          = "{Radiative Neutrino Mass with Scotogenic Scalar Triplet}",
      journal        = "Phys.Lett.",
      volume         = "B728",
      pages          = "198-201",
      doi            = "10.1016/j.physletb.2013.11.045",
      year           = "2014",
      eprint         = "1310.3183",
      archivePrefix  = "arXiv",
      primaryClass   = "hep-ph",
      reportNumber   = "ZTF-EP-13-04",
      SLACcitation   = "%%CITATION = ARXIV:1310.3183;%%",
}
@article{Ajello:2011dq,
      author         = "Ajello, M. and Atwood, W.B. and Baldini, L. and
                        Barbiellini, G. and Bastieri, D. and others",
      title          = "{Constraints on dark matter models from a Fermi LAT
                        search for high-energy cosmic-ray electrons from the Sun}",
      journal        = "Phys.Rev.",
      volume         = "D84",
      pages          = "032007",
      doi            = "10.1103/PhysRevD.84.032007",
      year           = "2011",
      eprint         = "1107.4272",
      archivePrefix  = "arXiv",
      primaryClass   = "astro-ph.HE",
      SLACcitation   = "%%CITATION = ARXIV:1107.4272;%%",
}
@article{Vertongen:2011mu,
      author         = "Vertongen, Gilles and Weniger, Christoph",
      title          = "{Hunting Dark Matter Gamma-Ray Lines with the Fermi LAT}",
      journal        = "JCAP",
      volume         = "1105",
      pages          = "027",
      doi            = "10.1088/1475-7516/2011/05/027",
      year           = "2011",
      eprint         = "1101.2610",
      archivePrefix  = "arXiv",
      primaryClass   = "hep-ph",
      reportNumber   = "DESY-10-237, MPP-2010-166",
      SLACcitation   = "%%CITATION = ARXIV:1101.2610;%%",
}
@article{Farzan:2010mr,
      author         = "Farzan, Yasaman and Pascoli, Silvia and Schmidt, Michael
                        A.",
      title          = "{AMEND: A model explaining neutrino masses and dark
                        matter testable at the LHC and MEG}",
      journal        = "JHEP",
      volume         = "1010",
      pages          = "111",
      doi            = "10.1007/JHEP10(2010)111",
      year           = "2010",
      eprint         = "1005.5323",
      archivePrefix  = "arXiv",
      primaryClass   = "hep-ph",
      reportNumber   = "IPPP-10-10, DCPT-10-20",
      SLACcitation   = "%%CITATION = ARXIV:1005.5323;%%",
}
@article{Aoki:2011yk,
      author         = "Aoki, Mayumi and Kanemura, Shinya and Yagyu, Kei",
      title          = "{Doubly-charged scalar bosons from the doublet}",
      journal        = "Phys.Lett.",
      volume         = "B702",
      pages          = "355-358",
      doi            = "10.1016/j.physletb.2011.11.043,
                        10.1016/j.physletb.2011.07.017",
      year           = "2011",
      eprint         = "1105.2075",
      archivePrefix  = "arXiv",
      primaryClass   = "hep-ph",
      reportNumber   = "KANAZAWA-11-10, UT-HET-053",
      SLACcitation   = "%%CITATION = ARXIV:1105.2075;%%",
}
@article{Feng:2010zp,
      author         = "Feng, Jonathan L. and Kaplinghat, Manoj and Yu, Hai-Bo",
      title          = "{Sommerfeld Enhancements for Thermal Relic Dark Matter}",
      journal        = "Phys.Rev.",
      volume         = "D82",
      pages          = "083525",
      doi            = "10.1103/PhysRevD.82.083525",
      year           = "2010",
      eprint         = "1005.4678",
      archivePrefix  = "arXiv",
      primaryClass   = "hep-ph",
      reportNumber   = "UCI-TR-2010-06",
      SLACcitation   = "%%CITATION = ARXIV:1005.4678;%%",
}
@article{Hisano:2003ec,
      author         = "Hisano, Junji and Matsumoto, Shigeki and Nojiri, Mihoko
                        M.",
      title          = "{Explosive dark matter annihilation}",
      journal        = "Phys.Rev.Lett.",
      volume         = "92",
      pages          = "031303",
      doi            = "10.1103/PhysRevLett.92.031303",
      year           = "2004",
      eprint         = "hep-ph/0307216",
      archivePrefix  = "arXiv",
      primaryClass   = "hep-ph",
      reportNumber   = "ICRR-REPORT-500-2003-4, YITP-03-42",
      SLACcitation   = "%%CITATION = HEP-PH/0307216;%%",
}
@article{Hisano:2004ds,
      author         = "Hisano, Junji and Matsumoto, Shigeki. and Nojiri, Mihoko
                        M. and Saito, Osamu",
      title          = "{Non-perturbative effect on dark matter annihilation and
                        gamma ray signature from galactic center}",
      journal        = "Phys.Rev.",
      volume         = "D71",
      pages          = "063528",
      doi            = "10.1103/PhysRevD.71.063528",
      year           = "2005",
      eprint         = "hep-ph/0412403",
      archivePrefix  = "arXiv",
      primaryClass   = "hep-ph",
      reportNumber   = "ICRR-REPORT-513-2004-11, YITP-04-73",
      SLACcitation   = "%%CITATION = HEP-PH/0412403;%%",
}
@article{Buckley:2009kw,
      author         = "Buckley, Matthew R. and Freese, Katherine and Hooper, Dan
                        and Spolyar, Douglas and Murayama, Hitoshi",
      title          = "{High-Energy Neutrino Signatures of Dark Matter Decaying
                        into Leptons}",
      journal        = "Phys.Rev.",
      volume         = "D81",
      pages          = "016006",
      doi            = "10.1103/PhysRevD.81.016006",
      year           = "2010",
      eprint         = "0907.2385",
      archivePrefix  = "arXiv",
      primaryClass   = "astro-ph.HE",
      reportNumber   = "FERMILAB-PUB-09-344-A",
      SLACcitation   = "%%CITATION = ARXIV:0907.2385;%%",
}
@article{Arvanitaki:2008hq,
      author         = "Arvanitaki, Asimina and Dimopoulos, Savas and Dubovsky,
                        Sergei and Graham, Peter W. and Harnik, Roni and others",
      title          = "{Astrophysical Probes of Unification}",
      journal        = "Phys.Rev.",
      volume         = "D79",
      pages          = "105022",
      doi            = "10.1103/PhysRevD.79.105022",
      year           = "2009",
      eprint         = "0812.2075",
      archivePrefix  = "arXiv",
      primaryClass   = "hep-ph",
      reportNumber   = "SLAC-PUB-14817",
      SLACcitation   = "%%CITATION = ARXIV:0812.2075;%%",
}
@article{Ibarra:2009tn,
      author         = "Ibarra, Alejandro and Tran, David",
      title          = "{Antideuterons from Dark Matter Decay}",
      journal        = "JCAP",
      volume         = "0906",
      pages          = "004",
      doi            = "10.1088/1475-7516/2009/06/004",
      year           = "2009",
      eprint         = "0904.1410",
      archivePrefix  = "arXiv",
      primaryClass   = "hep-ph",
      reportNumber   = "TUM-HEP-718-09",
      SLACcitation   = "%%CITATION = ARXIV:0904.1410;%%",
}
@article{Das:2011yr,
      author         = "Das, Chitta R. and Mena, Olga and Palomares-Ruiz, Sergio
                        and Pascoli, Silvia",
      title          = "{Determining the Dark Matter Mass with DeepCore}",
      journal        = "Phys.Lett.",
      volume         = "B725",
      pages          = "297-301",
      doi            = "10.1016/j.physletb.2013.07.006",
      year           = "2013",
      eprint         = "1110.5095",
      archivePrefix  = "arXiv",
      primaryClass   = "hep-ph",
      reportNumber   = "CFTP-11-018, IPPP-11-63, DCPT-11-126",
      SLACcitation   = "%%CITATION = ARXIV:1110.5095;%%",
}
@article{Ruderman:2009ta,
      author         = "Ruderman, Joshua T. and Volansky, Tomer",
      title          = "{Searching for Smoking Gun Signatures of Decaying Dark
                        Matter}",
      year           = "2009",
      eprint         = "0907.4373",
      archivePrefix  = "arXiv",
      primaryClass   = "hep-ph",
      SLACcitation   = "%%CITATION = ARXIV:0907.4373;%%",
}
@article{Bernal:2011pz,
      author         = "Bernal, Nicolas and Palomares-Ruiz, Sergio",
      title          = "{Constraining the Milky Way Dark Matter Density Profile
                        with Gamma-Rays with Fermi-LAT}",
      journal        = "JCAP",
      volume         = "1201",
      pages          = "006",
      doi            = "10.1088/1475-7516/2012/01/006",
      year           = "2012",
      eprint         = "1103.2377",
      archivePrefix  = "arXiv",
      primaryClass   = "astro-ph.HE",
      reportNumber   = "BONN-TH-2011-08, CFTP-11-007",
      SLACcitation   = "%%CITATION = ARXIV:1103.2377;%%",
}
@article{Bernal:2010ip,
      author         = "Bernal, Nicolas and Palomares-Ruiz, Sergio",
      title          = "{Constraining Dark Matter Properties with Gamma-Rays from
                        the Galactic Center with Fermi-LAT}",
      journal        = "Nucl.Phys.",
      volume         = "B857",
      pages          = "380-410",
      doi            = "10.1016/j.nuclphysb.2011.12.016",
      year           = "2012",
      eprint         = "1006.0477",
      archivePrefix  = "arXiv",
      primaryClass   = "astro-ph.HE",
      reportNumber   = "CFTP-009",
      SLACcitation   = "%%CITATION = ARXIV:1006.0477;%%",
}
@article{Eichler:1989br,
      author         = "Eichler, David",
      title          = "{TeV PARTICLES AS WEAKLY UNSTABLE DARK MATTER}",
      journal        = "Phys.Rev.Lett.",
      volume         = "63",
      pages          = "2440",
      doi            = "10.1103/PhysRevLett.63.2440",
      year           = "1989",
      reportNumber   = "Print-89-0770 (BEN GURION)",
      SLACcitation   = "%%CITATION = PRLTA,63,2440;%%",
}
@article{Ibarra:2008jk,
      author         = "Ibarra, Alejandro and Tran, David",
      title          = "{Decaying Dark Matter and the PAMELA Anomaly}",
      journal        = "JCAP",
      volume         = "0902",
      pages          = "021",
      doi            = "10.1088/1475-7516/2009/02/021",
      year           = "2009",
      eprint         = "0811.1555",
      archivePrefix  = "arXiv",
      primaryClass   = "hep-ph",
      reportNumber   = "TUM-HEP-702-08",
      SLACcitation   = "%%CITATION = ARXIV:0811.1555;%%",
}
@article{GeringerSameth:2011iw,
      author         = "Geringer-Sameth, Alex and Koushiappas, Savvas M.",
      title          = "{Exclusion of canonical WIMPs by the joint analysis of
                        Milky Way dwarfs with Fermi}",
      journal        = "Phys.Rev.Lett.",
      volume         = "107",
      pages          = "241303",
      doi            = "10.1103/PhysRevLett.107.241303",
      year           = "2011",
      eprint         = "1108.2914",
      archivePrefix  = "arXiv",
      primaryClass   = "astro-ph.CO",
      SLACcitation   = "%%CITATION = ARXIV:1108.2914;%%",
}
@article{Ackermann:2013yva,
      author         = "Ackermann, M. and others",
      title          = "{Dark Matter Constraints from Observations of 25 Milky
                        Way Satellite Galaxies with the Fermi Large Area
                        Telescope}",
      collaboration  = "Fermi-LAT Collaboration",
      journal        = "Phys.Rev.",
      volume         = "D89",
      pages          = "042001",
      doi            = "10.1103/PhysRevD.89.042001",
      year           = "2014",
      eprint         = "1310.0828",
      archivePrefix  = "arXiv",
      primaryClass   = "astro-ph.HE",
      SLACcitation   = "%%CITATION = ARXIV:1310.0828;%%",
}
@article{Bergstrom:2013jra,
      author         = "Bergstrom, Lars and Bringmann, Torsten and Cholis, Ilias
                        and Hooper, Dan and Weniger, Christoph",
      title          = "{New limits on dark matter annihilation from AMS cosmic
                        ray positron data}",
      journal        = "Phys.Rev.Lett.",
      volume         = "111",
      pages          = "171101",
      doi            = "10.1103/PhysRevLett.111.171101",
      year           = "2013",
      eprint         = "1306.3983",
      archivePrefix  = "arXiv",
      primaryClass   = "astro-ph.HE",
      reportNumber   = "FERMILAB-PUB-13-202-A",
      SLACcitation   = "%%CITATION = ARXIV:1306.3983;%%",
}
@article{Cirelli:2013hv,
      author         = "Cirelli, Marco and Giesen, Gaelle",
      title          = "{Antiprotons from Dark Matter: Current constraints and
                        future sensitivities}",
      journal        = "JCAP",
      volume         = "1304",
      pages          = "015",
      doi            = "10.1088/1475-7516/2013/04/015",
      year           = "2013",
      eprint         = "1301.7079",
      archivePrefix  = "arXiv",
      primaryClass   = "hep-ph",
      SLACcitation   = "%%CITATION = ARXIV:1301.7079;%%",
}@article{Ade:2014xna,
      author         = "Ade, P.A.R. and others",
      title          = "{BICEP2 I: Detection Of B-mode Polarization at Degree
                        Angular Scales}",
      collaboration  = "BICEP2 Collaboration",
      year           = "2014",
      eprint         = "1403.3985",
      archivePrefix  = "arXiv",
      primaryClass   = "astro-ph.CO",
      SLACcitation   = "%%CITATION = ARXIV:1403.3985;%%",
}
@article{Drees:2013wra,
      author         = "Drees, Manuel and Dreiner, Herbi and Schmeier, Daniel and
                        Tattersall, Jamie and Kim, Jong Soo",
      title          = "{CheckMATE: Confronting your Favourite New Physics Model
                        with LHC Data}",
      year           = "2013",
      eprint         = "1312.2591",
      archivePrefix  = "arXiv",
      primaryClass   = "hep-ph",
      reportNumber   = "ADP-13-29-T849, IFT-UAM-CSIC-13-133,
                        ADP-13-29-T849-IFT-UAM-CSIC-13-133,
                        ADP-13-29-T849-IFT-UAM-CSIC-13-133",
      SLACcitation   = "%%CITATION = ARXIV:1312.2591;%%",
}
@article{Huitu:2010uc,
      author         = "Huitu, K. and Kannike, K. and Racioppi, A. and Raidal,
                        M.",
      title          = "{Long-lived charged Higgs at LHC as a probe of scalar
                        Dark Matter}",
      journal        = "JHEP",
      volume         = "1101",
      pages          = "010",
      doi            = "10.1007/JHEP01(2011)010",
      year           = "2011",
      eprint         = "1005.4409",
      archivePrefix  = "arXiv",
      primaryClass   = "hep-ph",
      reportNumber   = "HIP-2010-16-TH",
      SLACcitation   = "%%CITATION = ARXIV:1005.4409;%%",
}
@article{Fischer:2013hwa,
      author         = "Fischer, Oliver and van der Bij, Jochum J.",
      title          = "{The scalar Singlet-Triplet Dark Matter Model}",
      doi            = "10.1088/1475-7516/2014/01/032",
      year           = "2013",
      eprint         = "1311.1077",
      archivePrefix  = "arXiv",
      primaryClass   = "hep-ph",
      reportNumber   = "FR-PHENO-2013-013, FR-PHENO-2013-013",
      SLACcitation   = "%%CITATION = ARXIV:1311.1077;%%",
}
@article{Araki:2011hm,
      author         = "Araki, Takeshi and Geng, C.Q. and Nagao, Keiko I.",
      title          = "{Dark Matter in Inert Triplet Models}",
      journal        = "Phys.Rev.",
      volume         = "D83",
      pages          = "075014",
      doi            = "10.1103/PhysRevD.83.075014",
      year           = "2011",
      eprint         = "1102.4906",
      archivePrefix  = "arXiv",
      primaryClass   = "hep-ph",
      SLACcitation   = "%%CITATION = ARXIV:1102.4906;%%",
}
@article{Klasen:2013btp,
      author         = "Klasen, Michael and Yaguna, Carlos E. and Ruiz-Alvarez,
                        Jose D.",
      title          = "{Electroweak corrections to the direct detection cross
                        section of inert higgs dark matter}",
      journal        = "Phys.Rev.",
      volume         = "D87",
      pages          = "075025",
      doi            = "10.1103/PhysRevD.87.075025",
      year           = "2013",
      eprint         = "1302.1657",
      archivePrefix  = "arXiv",
      primaryClass   = "hep-ph",
      reportNumber   = "MS-TP-13-01",
      SLACcitation   = "%%CITATION = ARXIV:1302.1657;%%",
}
@article{kang:2014jia,
      author         = "kang, zhaofeng and Li, Jinmian and Li, Tianjun and Liu,
                        Yandong and Ning, Guo-Zhu",
      title          = "{Light Doubly Charged Higgs Boson via the Di-W Channel at
                        LHC}",
      year           = "2014",
      eprint         = "1404.5207",
      archivePrefix  = "arXiv",
      primaryClass   = "hep-ph",
      SLACcitation   = "%%CITATION = ARXIV:1404.5207;%%",
}
@article{Hambye:2009pw,
      author         = "Hambye, T. and Ling, F.-S. and Lopez Honorez, L. and
                        Rocher, J.",
      title          = "{Scalar Multiplet Dark Matter}",
      journal        = "JHEP",
      volume         = "0907",
      pages          = "090",
      doi            = "10.1007/JHEP05(2010)066, 10.1088/1126-6708/2009/07/090",
      year           = "2009",
      eprint         = "0903.4010",
      archivePrefix  = "arXiv",
      primaryClass   = "hep-ph",
      reportNumber   = "ULB-TH-09-03, FTUAM-09-04",
      SLACcitation   = "%%CITATION = ARXIV:0903.4010;%%",
}
@article{Alwall:2011uj,
      author         = "Alwall, Johan and Herquet, Michel and Maltoni, Fabio and
                        Mattelaer, Olivier and Stelzer, Tim",
      title          = "{MadGraph 5 : Going Beyond}",
      journal        = "JHEP",
      volume         = "1106",
      pages          = "128",
      doi            = "10.1007/JHEP06(2011)128",
      year           = "2011",
      eprint         = "1106.0522",
      archivePrefix  = "arXiv",
      primaryClass   = "hep-ph",
      reportNumber   = "FERMILAB-PUB-11-448-T",
      SLACcitation   = "%%CITATION = ARXIV:1106.0522;%%",
}
@article{Arhrib:2013ela,
      author         = "Arhrib, Abdesslam and Tsai, Yue-Lin Sming and Yuan, Qiang
                        and Yuan, Tzu-Chiang",
      title          = "{An Updated Analysis of Inert Higgs Doublet Model in
                        light of the Recent Results from LUX, PLANCK, AMS-02 and
                        LHC}",
      year           = "2013",
      eprint         = "1310.0358",
      archivePrefix  = "arXiv",
      primaryClass   = "hep-ph",
      SLACcitation   = "%%CITATION = ARXIV:1310.0358;%%",
}
@article{Cohen:2011ec,
      author         = "Cohen, Timothy and Kearney, John and Pierce, Aaron and
                        Tucker-Smith, David",
      title          = "{Singlet-Doublet Dark Matter}",
      journal        = "Phys.Rev.",
      volume         = "D85",
      pages          = "075003",
      doi            = "10.1103/PhysRevD.85.075003",
      year           = "2012",
      eprint         = "1109.2604",
      archivePrefix  = "arXiv",
      primaryClass   = "hep-ph",
      reportNumber   = "MCTP-11-33, SLAC-PUB-14584",
      SLACcitation   = "%%CITATION = ARXIV:1109.2604;%%",
}
@article{Klasen:2013jpa,
      author         = "Klasen, Michael and Yaguna, Carlos E. and Ruiz-Alvarez,
                        Jose D. and Restrepo, Diego and Zapata, Oscar",
      title          = "{Scalar dark matter and fermion coannihilations in the
                        radiative seesaw model}",
      journal        = "JCAP",
      volume         = "1304",
      pages          = "044",
      doi            = "10.1088/1475-7516/2013/04/044",
      year           = "2013",
      eprint         = "1302.5298",
      archivePrefix  = "arXiv",
      primaryClass   = "hep-ph",
      reportNumber   = "MS-TP-13-03",
      SLACcitation   = "%%CITATION = ARXIV:1302.5298;%%",
}
@article{Boehm:2003hm,
      author         = "Boehm, C. and Fayet, Pierre",
      title          = "{Scalar dark matter candidates}",
      journal        = "Nucl.Phys.",
      volume         = "B683",
      pages          = "219-263",
      doi            = "10.1016/j.nuclphysb.2004.01.015",
      year           = "2004",
      eprint         = "hep-ph/0305261",
      archivePrefix  = "arXiv",
      primaryClass   = "hep-ph",
      SLACcitation   = "%%CITATION = HEP-PH/0305261;%%",
}
@article{Boucenna:2014zba,
      author         = "Boucenna, Sofiane M. and Morisi, Stefano and Valle, Jose
                        W. F.",
      title          = "{The low-scale approach to neutrino masses}",
      year           = "2014",
      eprint         = "1404.3751",
      archivePrefix  = "arXiv",
      primaryClass   = "hep-ph",
      SLACcitation   = "%%CITATION = ARXIV:1404.3751;%%",
}
@article{Belanger:2010gh,
      author         = "Belanger, G. and Boudjema, F. and Brun, P. and Pukhov, A.
                        and Rosier-Lees, S. and others",
      title          = "{Indirect search for dark matter with micrOMEGAs2.4}",
      journal        = "Comput.Phys.Commun.",
      volume         = "182",
      pages          = "842-856",
      doi            = "10.1016/j.cpc.2010.11.033",
      year           = "2011",
      eprint         = "1004.1092",
      archivePrefix  = "arXiv",
      primaryClass   = "hep-ph",
      reportNumber   = "IRFU-10-24, LAPTH-012-10.",
      SLACcitation   = "%%CITATION = ARXIV:1004.1092;%%",
}
@article{Cline:2013gha,
      author         = "Cline, James M. and Kainulainen, Kimmo and Scott, Pat and
                        Weniger, Christoph",
      title          = "{Update on scalar singlet dark matter}",
      journal        = "Phys.Rev.",
      volume         = "D88",
      pages          = "055025",
      doi            = "10.1103/PhysRevD.88.055025",
      year           = "2013",
      eprint         = "1306.4710",
      archivePrefix  = "arXiv",
      primaryClass   = "hep-ph",
      SLACcitation   = "%%CITATION = ARXIV:1306.4710;%%",
}
@article{Cheung:2013dua,
      author         = "Cheung, Clifford and Sanford, David",
      title          = "{Simplified Models of Mixed Dark Matter}",
      journal        = "JCAP",
      volume         = "1402",
      pages          = "011",
      doi            = "10.1088/1475-7516/2014/02/011",
      year           = "2014",
      eprint         = "1311.5896",
      archivePrefix  = "arXiv",
      primaryClass   = "hep-ph",
      reportNumber   = "CALT-68-2870",
      SLACcitation   = "%%CITATION = ARXIV:1311.5896;%%",
}
@article{Patt:2006fw,
      author         = "Patt, Brian and Wilczek, Frank",
      title          = "{Higgs-field portal into hidden sectors}",
      year           = "2006",
      eprint         = "hep-ph/0605188",
      archivePrefix  = "arXiv",
      primaryClass   = "hep-ph",
      reportNumber   = "MIT-CTP-3745",
      SLACcitation   = "%%CITATION = HEP-PH/0605188;%%",
}
@misc{fermilab,
     Author={Fermilab},
     Howpublished={\url{http://www.fnal.gov}},
     SLACcitation  = "%%CITATION = NONE;%%"  
}
@misc{pgs4,
     Author={Pretty Good Simulation},
     Howpublished={\url{http://www.physics.ucdavis.edu/~conway/research/software/pgs/pgs4-general.htm}},
     SLACcitation  = "%%CITATION = NONE;%%"  
}
@article{AristizabalSierra:2006gb,
      author         = "Aristizabal Sierra, D. and Hirsch, M.",
      title          = "{Experimental tests for the Babu-Zee two-loop model of
                        Majorana neutrino masses}",
      journal        = "JHEP",
      volume         = "0612",
      pages          = "052",
      doi            = "10.1088/1126-6708/2006/12/052",
      year           = "2006",
      eprint         = "hep-ph/0609307",
      archivePrefix  = "arXiv",
      primaryClass   = "hep-ph",
      reportNumber   = "IFIC-06-31",
      SLACcitation   = "%%CITATION = HEP-PH/0609307;%%",
}
@article{Garayoa:2007fw,
      author         = "Garayoa, Julia and Schwetz, Thomas",
      title          = "{Neutrino mass hierarchy and Majorana CP phases within
                        the Higgs triplet model at the LHC}",
      journal        = "JHEP",
      volume         = "0803",
      pages          = "009",
      doi            = "10.1088/1126-6708/2008/03/009",
      year           = "2008",
      eprint         = "0712.1453",
      archivePrefix  = "arXiv",
      primaryClass   = "hep-ph",
      reportNumber   = "CERN-PH-TH-2007-255, IFIC-07-75, FTUV-07-1210",
      SLACcitation   = "%%CITATION = ARXIV:0712.1453;%%",
}
@article{Alvares:2012qv,
      author         = "Ruiz-Alvarez, J.D. and de S. Pires, C.A. and Queiroz,
                        Farinaldo S. and Restrepo, D. and Rodrigues da Silva,
                        P.S.",
      title          = "{On the Connection of Gamma-Rays, Dark Matter and Higgs
                        Searches at LHC}",
      journal        = "Phys.Rev.",
      volume         = "D86",
      pages          = "075011",
      doi            = "10.1103/PhysRevD.86.075011",
      year           = "2012",
      eprint         = "1206.5779",
      archivePrefix  = "arXiv",
      primaryClass   = "hep-ph",
      reportNumber   = "FERMILAB-PUB-12-873-AE",
      SLACcitation   = "%%CITATION = ARXIV:1206.5779;%%",
}